@misc{ROSWIKI,
       author = {ROS Developers},
       howpublished = "\url{wiki.ros.org}"
}

@misc{SO,
       author = {Stack Overflow Users},
       howpublished = "\url{stackoverflow.com}"
}

@book{TMDS, 
  author = {Adam Shostack},
  year = {2014},
  title = {Threat Modeling, Designing for Security},
  publisher = {John Wiley and Sons, Inc},
  address = {Indianapolis, Indiana}
}

@misc{GitRepoSupporting,
       howpublished = "\url{https://github.com/ZachR0/Security-For-Robotics/tree/master/docs/supporting_research}"
}

@misc{ArduProjectDevDocs,
       author = {Ardu Project Developers},
       howpublished = "\url{http://ardupilot.org/dev/docs/building-for-beaglebone-black-on-linux.html}"
}

@misc{ArduProjectDocs,
       howpublished = "\url{http://ardupilot.org/copter/index.html}"
}

