F550 Spec http://www.dji.com/flame-wheel-arf/spec

Naza-M2 Flight Control system w/ RF info https://www.dji.com/naza-m-v2
