@proceeding{mainROS,
author = {McClean, Jarrod and Stull, Christopher and Farrar, Charles  and Mascare√±as, David},
title = {
A preliminary cyber-physical security assessment of the Robot Operating System (ROS)
},
journal = {Proc. SPIE},
volume = {8741},
number = {},
pages = {874110-874110-8},
year = {2013},
URL = { http://dx.doi.org/10.1117/12.2016189},
}

@article{Open,
  title={ROS: an open-source Robot Operating System},
  author={Morgan Quigley et al}
}

@article{App,
  title={Application-level Security for ROS-based Applications},
  author={Bernhard Dieber, Severin Kacianka, Stefan Rass, and Peter Schartner}
}

@article{Sros,
  title={Application-level Security for ROS-based Applications},
  author={Bernhard Dieber, Severin Kacianka, Stefan Rass, and Peter Schartner}
}

@ONLINE {bogo,
  author = "David Morgan-Mar",
  title  = "Bogobogosort",
  url    = "http://www.dangermouse.net/esoteric/bogobogosort.html"
}

@article{ddos,
  title={Distributed Denial of Service Attack},
  author={Sharma, Shruti and Garg, Shreya and Karodiya, Ayushi and Gupta, Himanshu}
}

@ONLINE {ROS,
  author = "Open Source Robotics Foundation",
  title  = "ROS/ Technical Overview",
  url    = "http://wiki.ros.org/ROS/Technical%20Overview"
}

@ONLINE {CIA,
  author = "InfoSec Institute",
  title  = "CIA Triad",
  url    = "http://resources.infosecinstitute.com/cia-triad/"
}

@book{TMDS, 
  author = {Adam Shostack},
  year = {2014},
  title = {Threat Modeling, Designing for Security},
  publisher = {John Wiley and Sons, Inc},
  address = {Indianapolis, Indiana}
}

@ONLINE {FMEA,
  author = "ASQ",
  title  = "Failure Mode Effects Analysis",
  url    = "http://asq.org/learn-about-quality/process-analysis-tools/overview/fmea.html"
}