@ONLINE {bogo,
  author = "David Morgan-Mar",
  title  = "Bogobogosort",
  url    = "http://www.dangermouse.net/esoteric/bogobogosort.html"
}

@ONLINE {ROS,
  author = "Open Source Robotics Foundation",
  title  = "ROS/ Technical Overview",
  url    = "http://wiki.ros.org/ROS/Technical%20Overview"
}

@proceeding{mainROS,
author = {McClean, Jarrod and Stull, Christopher and Farrar, Charles  and Mascare√±as, David},
title = {
A preliminary cyber-physical security assessment of the Robot Operating System (ROS)
},
journal = {Proc. SPIE},
volume = {8741},
number = {},
pages = {874110-874110-8},
year = {2013},
URL = { http://dx.doi.org/10.1117/12.2016189},
}