@book{TMDS, 
  author = {Adam Shostack},
  year = {2014},
  title = {Threat Modeling, Designing for Security},
  publisher = {John Wiley and Sons, Inc},
  address = {Indianapolis, Indiana}
}

@ONLINE {F550spec,
  author = "DJI",
  title  = "Flame Wheel ARF F550 Spec",
  url    = "http://www.dji.com/flame-wheel-arf/spec"
}
@ONLINE {Indigo,
  author = "ROS Project",
  title  = "Installing ROS Indigo",
  url    = "http://wiki.ros.org/indigo/Installation/"
}

@ONLINE {buildingBBB,
  author = "Ardupilot Project",
  title  = "Building Ardupilot for beagle bone black",
  url    = "http://ardupilot.org/dev/docs/building-for-beaglebone-black-on-linux.html#"
}

@ONLINE {buildingPX,
  author = "Ardupilot Project",
  title  = "Building Ardupilot for pixhawk",
  url    = "http://ardupilot.org/dev/docs/building-px4-for-linux-with-make.html"
}

@ONLINE {wirelessconfig,
  author = "Linux.com",
  title  = "How to Configure Wireless on Any Linux desktop",
  url    = "https://www.linux.com/learn/how-configure-wireless-any-linux-desktop"
}

@ONLINE {NazaM2,
  author = "DJI",
  title  = "Naza-M2 Flight Control System",
  url    = "https://www.dji.com/naza-m-v2"
}

@ONLINE {HakDaSpectrum,
  author = "Bruce Barnett",
  title = "Hacking at the 2.4Ghz Spectrum",
  url = "http://www.grymoire.com/Security/Hardware.html#TOC"
}

@ONLINE {HakDaSpectrum900,
  author = "Bruce Barnett",
  title = "Hacking the 900Mhz Spectrum",
  url = "http://www.grymoire.com/Security/Hardware.html#Hacking_the_.3C1Ghz_Range_.28900Mhz_.29_Spectrum"
}

@ONLINE {PixHawk,
  author = "BeagleBoard",
  title = "PixHawk Fire Cape: Linux drones with the BeagleBone Black",
  url = "http://beagleboard.org/project/pxf/"
}
@ONLINE {PixHawkDocs,
  author = "ArduPilot Project",
  title = "PixHawk Overview",
  url = "http://ardupilot.org/copter/docs/common-pixhawk-overview.html"
}
@ONLINE {WiFiPerc,
  author = "Wireshark",
  title = "WLAN IEEE 802.11 capture setup",
  url = "https://wiki.wireshark.org/CaptureSetup/WLAN"
}

@ONLINE {AircrackNG,
  author = "AirCrack NG",
  title = "Getting Started with Aircrack-NG",
  url = "https://www.aircrack-ng.org/doku.php?id=getting_started"
}

@ONLINE {UknProto,
  author = "Polynomial",
  title = "How do you analyze an unknown network protocol",
  url = "https://security.stackexchange.com/questions/17344/how-do-you-analyze-an-unknown-network-protocol"
}

@ONLINE {Fuzzy,
  author = "Hanno BÃ¶ck",
  title = "Network fuzzing with american fuzzy lop",
  url = "https://blog.fuzzing-project.org/27-Network-fuzzing-with-american-fuzzy-lop.html"
}

@ONLINE {doggo_watching,
  author = "",
  title = "ROS Watchdog Timer - Detecting Crashes",
  url = "http://wiki.ros.org/watchdog_timer"
}

@ONLINE {GTDD,
  author = "Georgia Tech",
  title  = "Document Your Data",
  url    = "http://d7.library.gatech.edu/research-data/documentation"
}
