@book{TMDS, 
    author = {Adam Shostack},
    year = {2014},
    title = {Threat Modeling, Designing for Security},
    publisher = {John Wiley and Sons, Inc},
    address = {Indianapolis, Indiana}
}

