@book{TMDS, 
  author = {Adam Shostack},
  year = {2014},
  title = {Threat Modeling, Designing for Security},
  publisher = {John Wiley and Sons, Inc},
  address = {Indianapolis, Indiana}
}

@ONLINE {F550spec,
  author = "DJI",
  title  = "Flame Wheel ARF F550 Spec",
  url    = "http://www.dji.com/flame-wheel-arf/spec"
}

@ONLINE {GTDD,
  author = "Georgia Tech",
  title  = "Document Your Data",
  url    = "http://d7.library.gatech.edu/research-data/documentation"
}

@ONLINE {FMEA,
  author = "ASQ",
  title  = "Failure Mode Effects Analysis",
  url    = "http://asq.org/learn-about-quality/process-analysis-tools/overview/fmea.html"
}
